@inbook{daqbook,
	organization = {Measurement Computing Corporation},
	booktitle = {Data Aquisition Handbook},
	address= {Norton},
	year = {2012},
	url = {http://www.mccdaq.com/pdfs/anpdf/Data-Acquisition-Handbook.pdf},
	urlaccessdate = {26 de setembro de 2016},
	edition={3}
}
@online{tecmundopcie,
	organization = {Grupo No Zebra Network LTDA.},
	title = {O que é PCI-Express?},
	author = {André Luiz Pereira},
	year = {2012},
	url = {http://www.tecmundo.com.br/hardware/1130-o-que-e-pci-express-.htm},
	urlaccessdate = {26 de setembro de 2016}
}
@online{lojanational,
	organization = {National Instruments},
	title = {Aquisição de dados},
	year = {2016},
	urlaccessdate = {25 de setembro de 2016},
	url = {http://www.ni.com/data-acquisition/pt/}
}
@online{dataqcasada,
	organization = {DATAQ Instruments Inc.},
	title = {DI-149 USB Data Acquisition Bundle},
	url = {http://www.dataq.com/products/di-149/bundle.html},
	urlaccessdate = {26 de setembro de 2016}
}
@online{tenissozinho,
	title = {TPower Laces- the Auto lacing shoe},
	organization = {blakebevin},
	year = {2010},
	url = {http://www.instructables.com/id/Power-Laces-the-Auto-lacing-shoe/},
	urlacessdate = {30 de setembro de 2016}
}
@online{tecmundopi,
	title = {Raspberry Pi: computador de 50 reais pode revolucionar a informática},
	organization = {Grupo No Zebra Network LTDA.},
	author = {Jonathan Machado},
	year = {2012},
	url = {http://www.tecmundo.com.br/hardware/23175-raspberry-pi-como-um-computador-de-50-reais-pode-revolucionar-a-informatica.htm},
	urlccessdate = {04 de outubro de 2016}

}
@online{tedarduino,
	title = {Massimo Banz: How Arduino is open-sourcing imagination},
	organization = {TED Conferences, LLC},
	year = {2012},
	url = {https://www.ted.com/talks/massimo_banzi_how_arduino_is_open_sourcing_imagination},
	urlacessdate = {04 de outubro de 2016}
}
@online{comparisonelinux,
	title = {Embedded Linux Board Comparison},
	organization = {Adafruit},
	author = {Tony DiCola},
	year = {2014},
	url = {https://cdn-learn.adafruit.com/downloads/pdf/embedded-linux-board-comparison.pdf},
	urlacessdate = {04 de outubro de 2016}
}
@book{derekbbb,
	Author = {Derek Molloy},
	title = {Exploring BeagleBone: Tools and Techniques for Building with Embedded Linux},
	publisher = {Wiley},
	year = {2014},
	ISBN = {1118935128},
	URL = {http://www.exploringbeaglebone.com/}
}
@inbook{bbbdatasheet,
	author = {Gerald Coley},
	title = {BeagleBone Black System Reference Manual},
	year = {2013},
	organization = {Texas Instruments},
	url = {https://cdn-shop.adafruit.com/datasheets/BBB_SRM.pdf},
	urlacessdate = {05 de outubro de 2016},
	address = {Dallas},
	edition = {A5.2}
}
@online{sitebbbang,
	title = {The Ångström Distribution},
	author = {Koen},
	year = {2015},
	url = {http://wp.angstrom-distribution.org/introduction/},
	urlaccessdate = {05 de outubro de 2016}
}
@online{guipaintbbb,
	title = {Paint Flow Control Project, Chapter 3.26, Back to the Drawing Board},
	author = {John Baker},
	year = {2016},
	url = {http://johnbakeree.blogspot.com.br/2016/09/paint-flow-control-project-chapter-326.html},
	urlaccessdate = {05 de outubro de 2016} 

}
@online{guicncbbb,
	title = {K9 CNC I/O Cape for the BeagleBone Black},
	organization = {Practical Micro},
	year = {2014},
	address = {Lorton},
	url = {http://www.pmdx.com/PMDX-432},
	urlcaccessdate = {05 de outubro de 2016}
}
@online{elinuxupdatebbb,
	title = {Beagleboard:Updating The Software},
	organization = {Embedded Linux Wiki},
	year = {2016},
	url = {http://elinux.org/Beagleboard:Updating_The_Software},
	urlacessdate = {11 de outubro de 2016}
}